@ARTICLE{gaia_dist,
       author = {{Ramsay}, Gavin and {Schreiber}, Matthias R. and {G{\"a}nsicke}, Boris
        T. and {Wheatley}, Peter J.},
        title = "{Distances of cataclysmic variables and related objects derived from Gaia
        Data Release 1}",
      journal = {\aap},
     keywords = {stars: dwarf novae, stars: distances, accretion, accretion disks,
        Astrophysics - Solar and Stellar Astrophysics, Astrophysics -
        High Energy Astrophysical Phenomena},
         year = 2017,
        month = Aug,
       volume = {604},
          eid = {A107},
        pages = {A107},
          doi = {10.1051/0004-6361/201730679},
 primaryClass = {astro-ph.SR},
       adsurl = {https://ui.adsabs.harvard.edu/#abs/2017A&A...604A.107R},
      adsnote = {Provided by the SAO/NASA Astrophysics Data System}
}



@article{smith2006cataclysmic,
  title={Cataclysmic variables},
  author={Smith, Robert Connon},
  journal={Contemporary Physics},
  volume={47},
  number={6},
  pages={363--386},
  year={2006},
  publisher={Taylor \& Francis}
}

@article{Avila2015,
archivePrefix = {arXiv},
arxivId = {arXiv:1411.5605v1},
author = {Avila, Roberto J and Hack, Warren and Cara, Mihai and Borncamp, David and Mack, Jennifer and Smith, Linda and Ubeda, Leonardo},
eprint = {arXiv:1411.5605v1},
pages = {1--4},
title = {{DrizzlePac 2.0 - Introducing New Features}},
url = {http://drizzlepac.stsci.edu http://arxiv.org/abs/1411.5605},
year = {2015}
}

@article{seaquist1989detailed,
  title={A detailed study of the remnant of nova GK Persei and its environs},
  author={Seaquist, ER and Bode, MF and Frail, DA and Roberts, JA and Evans, A and Albinson, JS},
  journal={The Astrophysical Journal},
  volume={344},
  pages={805--825},
  year={1989}
}

@article{starrfield2016thermonuclear,
  title={The Thermonuclear Runaway and the Classical Nova Outburst},
  author={Starrfield, S and Iliadis, C and Hix, WR},
  journal={Publications of the Astronomical Society of the Pacific},
  volume={128},
  number={963},
  pages={051001},
  year={2016},
  publisher={IOP Publishing}
}

@article{slavin1995deep,
  title={A deep optical imaging study of the nebular remnants of classical novae},
  author={Slavin, AJ and Oâ€™brien, TJ and Dunlop, JS},
  journal={Monthly Notices of the Royal Astronomical Society},
  volume={276},
  number={2},
  pages={353--371},
  year={1995},
  publisher={Oxford University Press}
}

@article{hernanz2004classical,
  title={Classical nova explosions},
  author={Hernanz, Margarita},
  journal={arXiv preprint astro-ph/0412333},
  year={2004}
}

@article{wang2012progenitors,
  title={Progenitors of type Ia supernovae},
  author={Wang, Bo and Han, Zhanwen},
  journal={New Astronomy Reviews},
  volume={56},
  number={4},
  pages={122--141},
  year={2012},
  publisher={Elsevier}
}

@article{whelan1973binaries,
  title={Binaries and supernovae of type I},
  author={Whelan, John and Iben Jr, Icko},
  journal={The Astrophysical Journal},
  volume={186},
  pages={1007--1014},
  year={1973}
}

@article{rau2009exploring,
  title={Exploring the optical transient sky with the Palomar Transient Factory},
  author={Rau, Arne and Kulkarni, Shrinivas R and Law, Nicholas M and Bloom, Joshua S and Ciardi, David and Djorgovski, George S and Fox, Derek B and Gal-Yam, Avishay and Grillmair, Carl C and Kasliwal, Mansi M and others},
  journal={Publications of the Astronomical Society of the Pacific},
  volume={121},
  number={886},
  pages={1334--1351},
  year={2009},
  publisher={JSTOR}
}


@misc{NovaeCat,
  title = {CBAT List of Novae in the Milky Way},
  howpublished = {\url{http://www.cbat.eps.harvard.edu/nova_list.html}},
  note = {Accessed: 2016-07-06}
}

@article{sahman2015searching,
  title={Searching for nova shells around cataclysmic variables},
  author={Sahman, DI and Dhillon, VS and Knigge, C and Marsh, TR},
  journal={arXiv preprint arXiv:1505.06048},
  year={2015}
}

@article{shara2012atcnc,
  title={AT Cnc: A Second Dwarf Nova with a Classical Nova Shell},
  author={Shara, MM and Mizusawa1, T and Wehinger, P and others},
  journal={The Astrophysical Journal},
  volume={758},
  number={2},
  year={2012}
}